@techreport{ Darby,
	author = "Sarah Darby",
	title = "The Effectiveness of Feedback on Energy Consumption",
	year = "2006",
	institution = "University of Oxford Environmental Change Institute"
}

@article{ Kelly,
	author = "Jack Kelly, William Knottenbelt",
	title = "Neural NILM: Deep Neural Networks Applied to Energy Disaggregation",
	year = "2015",
	organization = "ACM",
	conference = "BuildSys'15"
}

@techreport{ Hart1,
	author = "George Hart",
	title = "Prototype Nonintrusive Appliance Load Monitor",
	year = "1985",
	institution = "MIT Energy Laboratory and Electric Power Research Institute"
}

@article { Hart2,
	author = "George Hart",
	title = "Nonintrusive Appliance Load Monitor",
	journal = "Proceedings of the IEEE",
	year = "1992",
	organization = "IEEE"
}

@book { Aapo,
	author = "Aapo Hyaerinen, Juha Karhunen, Erkki Oja",
	title = "Independent Component Analysis",
	published = "John Wiley & Sons, Inc.",
	year = "2001"
}

@mastersthesis { Cicchetti,
	author = "Romano Cicchetti",
	title = "NILM-Eval: Disaggregation of real-world electricity consumption data",
	year = "2013"
}

Low Layer Neural Networks

J. Roos, I. Lane, E. Botha, and G. P. Hancke. Using
neural networks for non-intrusive monitoring of
industrial electrical loads. In Instrumentation and
Measurement Technology Conference, 1994. IMTC/94.
Conference Proceedings. 10th Anniversary. Advanced
Technologies in I & M., 1994 IEEE, pages 1115–1118.
IEEE, 1994. doi:10.1109/IMTC.1994.351862.
[11] H.-T. Yang, H.-H. Chang, and C.-L. Lin. Design a
neural network for features selection in non-intrusive
monitoring of industrial electrical loads. In Computer
Supported Cooperative Work in Design, 2007.
CSCWD 2007. 11th International Conference on,
pages 1022–1027. IEEE, 2007.
doi:10.1109/CSCWD.2007.4281579.
[12] Y.-H. Lin and M.-S. Tsai. A novel feature extraction
method for the development of nonintrusive load
monitoring system based on BP-ANN. In 2010
International Symposium on Computer
Communication Control and Automation (3CA),
volume 2, pages 215–218. IEEE, 2010.
doi:10.1109/3CA.2010.5533571.